<record><leader>00000cas a2200000 a 4500</leader><controlfield tag="001">38467068</controlfield><controlfield tag="008">980218d19721973caudr ne      0    0eng c</controlfield><datafield ind1=" " ind2=" " tag="010"><subfield code="a">sn 98061770 </subfield></datafield><datafield ind1=" " ind2=" " tag="040"><subfield code="a">CNK</subfield><subfield code="b">eng</subfield><subfield code="c">CNK</subfield><subfield code="d">OCLCQ</subfield><subfield code="d">CNK</subfield><subfield code="d">OCLCQ</subfield><subfield code="d">OCLCF</subfield><subfield code="d">OCLCO</subfield></datafield><datafield ind1="1" ind2=" " tag="029"><subfield code="a">AU@</subfield><subfield code="b">000013766493</subfield></datafield><datafield ind1=" " ind2=" " tag="042"><subfield code="a">pcc</subfield></datafield><datafield ind1=" " ind2=" " tag="043"><subfield code="a">n-us-ca</subfield></datafield><datafield ind1="0" ind2="0" tag="245"><subfield code="a">Tri-valley herald and news.</subfield></datafield><datafield ind1=" " ind2=" " tag="260"><subfield code="a">Livermore, Calif. :</subfield><subfield code="b">Bay Area Pub. Co.</subfield></datafield><datafield ind1=" " ind2=" " tag="300"><subfield code="a">v.</subfield></datafield><datafield ind1=" " ind2=" " tag="310"><subfield code="a">Daily</subfield></datafield><datafield ind1="0" ind2=" " tag="362"><subfield code="a">Vol. 98, no. 147 (Dec. 27, 1972)-v. 99, no. 94 (Sept. 13, 1973).</subfield></datafield><datafield ind1=" " ind2=" " tag="500"><subfield code="a">Published in two local editions: Livermore, and Dublin.</subfield></datafield><datafield ind1=" " ind2=" " tag="530"><subfield code="a">Master negatives are available for duplication from:</subfield><subfield code="b">California Newspaper Microfilm Archive;</subfield><subfield code="c">positive copies may be purchased by the reel; for further information consult the CNMA at:</subfield><subfield code="u">http://cbsr.ucr.edu</subfield></datafield><datafield ind1=" " ind2="0" tag="651"><subfield code="a">San Ramon Valley (Calif.)</subfield><subfield code="v">Newspapers.</subfield></datafield><datafield ind1=" " ind2="7" tag="655"><subfield code="a">Newspapers.</subfield><subfield code="2">fast</subfield><subfield code="0">(OCoLC)fst01423814</subfield></datafield><datafield ind1=" " ind2="7" tag="651"><subfield code="a">California</subfield><subfield code="z">San Ramon Valley.</subfield><subfield code="2">fast</subfield><subfield code="0">(OCoLC)fst01242434</subfield></datafield><datafield ind1=" " ind2=" " tag="752"><subfield code="a">United States</subfield><subfield code="b">California</subfield><subfield code="c">Alameda</subfield><subfield code="d">Livermore.</subfield></datafield><datafield ind1="0" ind2="0" tag="780"><subfield code="t">Herald &amp; news (Livermore, Calif.)</subfield><subfield code="w">(DLC)sn 94051620</subfield></datafield><datafield ind1="0" ind2="0" tag="785"><subfield code="t">Tri-valley herald</subfield><subfield code="w">(DLC)sn 85009403</subfield></datafield></record>